Automatically generated by Mendeley Desktop 1.16.3
Any changes to this file will be lost if it is regenerated by Mendeley.

BibTeX export options can be customized via Preferences -> BibTeX in Mendeley Desktop

@book{sawada,
author = {沢田, 昭夫},
number = {604},
publisher = {講談社},
series = {講談社学術文庫},
title = {論文のレトリック : わかりやすいまとめ方},
url = {http://ci.nii.ac.jp/ncid/BN02755011},
year = {1983},
pages = {500},
edition = {2}
}

@book{lunde2009,
address = {Sebastopol},
author = {Lunde, Ken},
publisher = {O'Reilly Media},
title = {CJKV Information Processing},
year = {2009},
pages = {600},
edition = {2nd}
}

@article{matsubara1967,
author = {松原, 達哉 and 小林, 芳郎},
journal = {心理学研究},
number = {6},
pages = {359--363},
title = {かな文字の見やすさに関する研究},
volume = {37},
year = {1967}
}

@article{sjoblom2016,
author = {Sjoblom, Amanda M. and Eaton, Elizabeth and Stagg, Steven D.},
journal = {British Journal of Educational Psychology},
keywords = {dyslexia,typography},
number = {4},
pages = {630--639},
title = {The Effects of Letter Spacing and Coloured Overlays on Reading Speed and Accuracy in Adult Dyslexia},
volume = {86},
year = {2016}
}
