Automatically generated by Mendeley Desktop 1.16.3
Any changes to this file will be lost if it is regenerated by Mendeley.

BibTeX export options can be customized via Preferences -> BibTeX in Mendeley Desktop

@book{sawada,
author = {沢田, 昭夫},
number = {[604]},
publisher = {講談社},
series = {講談社学術文庫},
title = {論文のレトリック : わかりやすいまとめ方},
url = {http://ci.nii.ac.jp/ncid/BN02755011},
year = {1983}
}
